@misc{github_repo,
  author = {Bartel, Felix and Kerekes, D\'avid},
  title = {Genetic Algorithm trained neural networks for playing Blobby Volley},
  year = {2018},
  publisher = {GitHub},
  journal = {GitHub repository},
  howpublished = {\url{https://github.com/felixbartel/gaec_project}},
  commit = {5d6a938aa47ce4beedae615453a6a10a85380d25}
}

@inproceedings{montana1989training,
  title={Training Feedforward Neural Networks Using Genetic Algorithms.},
  author={Montana, David J and Davis, Lawrence},
  booktitle={IJCAI},
  volume={89},
  pages={762--767},
  year={1989}
}

@inproceedings{sims1994evolving,
  title={Evolving virtual creatures},
  author={Sims, Karl},
  booktitle={Proceedings of the 21st annual conference on Computer graphics and interactive techniques},
  pages={15--22},
  year={1994},
  organization={ACM}
}

@INPROCEEDINGS{Sims94evolving3d,
    author = {Karl Sims},
    title = {Evolving 3D morphology and behavior by competition},
    booktitle = {Proceedings of Artificial Life IV},
    year = {1994},
    pages = {28--39},
    publisher = {MIT Press}
}

@MISC{Garis90geneticprogramming,
    author = {Hugo De Garis},
    title = {GENETIC PROGRAMMING - Building Artificial Nervous Systems with Genetically Programmed Neural Network Modules},
    year = {1990}
}
